@conference{taskar2004learning,
  title={{Learning associative Markov networks}},
  author={Taskar, B. and Chatalbashev, V. and Koller, D.},
  booktitle={Proceedings of the twenty-first international conference on Machine learning},
  pages={102},
  isbn={1581138385},
  year={2004},
  organization={ACM}
}

@article{joachims2009cutting,
  title={{Cutting-plane training of structural SVMs}},
  author={Joachims, T. and Finley, T. and Yu, C.N.J.},
  journal={Machine Learning},
  volume={77},
  number={1},
  pages={27--59},
  issn={0885-6125},
  year={2009},
  publisher={Springer}
}