


@inproceedings{xiong:indoor,
   title = {Using Context to Create Semantic 3D Models of Indoor Environments},
   author = {Xiong, Xuehan and Huber, Daniel},
   year = {2010},
   pages = {45.1--11},
   booktitle = {Proc. BMVC},
   isbn = {1-901725-40-5},
   note = {doi:10.5244/C.24.45}
}

@inproceedings{lai:icra11a,
  author = {K. Lai and L. Bo and X. Ren and D. Fox},
  title = {{A Large-Scale Hierarchical Multi-View RGB-D Object Dataset}},
  booktitle = {IEEE International Conference on on Robotics and Automation},
  year = {2011}
}

@inproceedings{lai:icra11b,
  author = {K. Lai and L. Bo and X. Ren and D. Fox},
  title = {{Sparse Distance Learning for Object Recognition Combining RGB and Depth Information}},
  booktitle = {IEEE International Conference on on Robotics and Automation},
  year = {2011}
}

@INPROCEEDINGS{ quigley:high-accuracy,
AUTHOR = "Morgan Quigley and Siddharth Batra and Stephen Gould and Ellen Klingbeil and Quoc V. Le and Ashley Wellman and Andrew Y. Ng",
TITLE = "High-accuracy 3D sensing for mobile manipulation: Improving object detection and door opening.",
booktitle = "ICRA'09",
PAGES = {2816-2822},
YEAR = {2009}  }

@inproceedings{gould:fusion,
    author = {Gould, Stephen and Baumstarck, Paul and Quigley, Morgan and Ng, Andrew Y. and Koller, Daphne},
    booktitle = {ECCV workshop on Multi-camera and Multi-modal Sensor Fusion Algorithms and Applications (M2SFA2)},
    citeulike-article-id = {3731461},
    keywords = {context, scenerecognition, vision},
    posted-at = {2008-12-01 03:31:15},
    priority = {4},
    title = {{Integrating Visual and Range Data for Robotic Object Detection}},
    year = {2008}
}


@article{Torralba:exploting_context,
 author = {Torralba, A. and Murphy, K. P. and Freeman, W. T.},
 title = {Using the forest to see the trees: exploiting context for visual object detection and localization},
 journal = {Commun. ACM},
 issue_date = {March 2010},
 volume = {53},
 issue = {3},
 month = {March},
 year = {2010},
 issn = {0001-0782},
 pages = {107--114},
 numpages = {8},
 url = {http://doi.acm.org/10.1145/1666420.1666446},
 doi = {http://doi.acm.org/10.1145/1666420.1666446},
 acmid = {1666446},
 publisher = {ACM},
 address = {New York, NY, USA},
} 


@INPROCEEDINGS{Hoiem:puttingobjects,
    author = {Derek Hoiem and Alexei A. Efros and Martial Hebert},
    title = {Putting objects in perspective},
    booktitle = {In CVPR},
    year = {2006}
}

@inproceedings{Torralba:contextualmodels,
    author = {Torralba, A. and Murphy, K. P. and Freeman, W. T.},
    booktitle = {Advances in Neural Information Processing Systems 17 (NIPS)},
    citeulike-article-id = {948911},
    keywords = {computer, vision},
    pages = {1401--1408},
    posted-at = {2006-11-16 14:34:06},
    priority = {2},
    title = {{Contextual Models for Object Detection using Boosted Random Fields}},
    year = {2005}
}


@inproceedings{xiong:3DSceneAnalysis,
  author =	 "Xuehan Xiong and Daniel Munoz and J. Andrew Bagnell and Martial Hebert",
  title =	 "3-D Scene Analysis via Sequenced Predictions over Points and Regions",
  booktitle =	 "IEEE International Conference on Robotics and Automation (ICRA)",
  year =	 "2011"
}


@inproceedings{Shapovalov2010,
  author = {Shapovalov, Roman and Velizhev, Alexander and Barinova, Olga},
  booktitle = {Proceedings of the ISPRS Commission III symposium - PCV 2010},
  pages = {103-108},
  series = {International Archives of Photogrammetry, Remote Sensing and Spatial Information Sciences},
  title = {Non-Associative Markov Networks for 3D Point Cloud Classification},
  url = {http://graphics.cs.msu.ru/en/node/546},
  volume = 38,
  year = 2010,

}

@article{Rusu:ObjectMaps,
 author = {Rusu, Radu Bogdan and Marton, Zoltan Csaba and Blodow, Nico and Dolha, Mihai and Beetz, Michael},
 title = {Towards 3D Point cloud based object maps for household environments},
 journal = {Robot. Auton. Syst.},
 volume = {56},
 issue = {11},
 month = {November},
 year = {2008},
 issn = {0921-8890},
 pages = {927--941},
 numpages = {15},
 url = {http://portal.acm.org/citation.cfm?id=1453261.1453482},
 doi = {10.1016/j.robot.2008.08.005},
 acmid = {1453482},
 publisher = {North-Holland Publishing Co.},
 address = {Amsterdam, The Netherlands, The Netherlands},
 keywords = {Environment object model, Geometrical reasoning, Point cloud data},
} 


@ARTICLE{Golovinskiy:shape-basedrecognition,
    author = {Aleksey Golovinskiy and Vladimir G. Kim and Thomas Funkhouser},
    title = {Shape-based recognition of 3d point clouds in urban environments},
    journal = {ICCV},
    year = {2009}
}


@INPROCEEDINGS{Leibe07:dynamic,
    author = {Bastian Leibe and Nico Cornelis and Kurt Cornelis and Luc Van Gool},
    title = {Dynamic 3d scene analysis from a moving vehicle},
    booktitle = {In CVPRï¿½07},
    year = {2007}
}


@misc{deter:rgbd,
    author = {Henry, Peter and Krainin, Michael and Herbst, Evan and Ren, Xiaofeng and Fox, Dieter},
    citeulike-article-id = {8500391},
    citeulike-linkout-0 = {http://www.cs.washington.edu/ai/Mobile\_Robotics/postscripts/3d-mapping-iser-10-final.pdf},
    keywords = {icp, rgbd, sift, slam, surfel},
    posted-at = {2011-01-03 14:08:45},
    priority = {2},
    title = {{RGB-D Mapping: Using Depth Cameras for
Dense 3D Modeling of Indoor Environments}},
    url = {http://www.cs.washington.edu/ai/Mobile\_Robotics/postscripts/3d-mapping-iser-10-final.pdf}
}

@conference{taskar2004learning,
  title={{Learning associative Markov networks}},
  author={Taskar, B. and Chatalbashev, V. and Koller, D.},
  booktitle={Proceedings of the twenty-first international conference on Machine learning},
  pages={102},
  isbn={1581138385},
  year={2004},
  organization={ACM}
}

@article{joachims2009cutting,
  title={{Cutting-plane training of structural SVMs}},
  author={Joachims, T. and Finley, T. and Yu, C.N.J.},
  journal={Machine Learning},
  volume={77},
  number={1},
  pages={27--59},
  issn={0885-6125},
  year={2009},
  publisher={Springer}
}
@misc{kinect,
  author = {},
  title = {Microsoft Kinect.},
  howpublished = "\url{http://www.xbox.com/en-us/kinect.}"
}